<record><leader>00000cas a22000007a 4500</leader><controlfield tag="001">13473437</controlfield><controlfield tag="008">860422d18481850nyuwr ne      0    0eng d</controlfield><datafield ind1=" " ind2=" " tag="010"><subfield code="a">sn 86053310 </subfield></datafield><datafield ind1=" " ind2=" " tag="040"><subfield code="a">NPX</subfield><subfield code="b">eng</subfield><subfield code="c">NPX</subfield><subfield code="d">NPU</subfield><subfield code="d">NYS</subfield><subfield code="d">MGN</subfield><subfield code="d">OCL</subfield><subfield code="d">KRTAS</subfield><subfield code="d">OCLCQ</subfield><subfield code="d">OCLCF</subfield><subfield code="d">OCLCO</subfield></datafield><datafield ind1="1" ind2=" " tag="029"><subfield code="a">AU@</subfield><subfield code="b">000020127620</subfield></datafield><datafield ind1=" " ind2=" " tag="042"><subfield code="a">msc</subfield></datafield><datafield ind1=" " ind2=" " tag="043"><subfield code="a">n-us-ny</subfield></datafield><datafield ind1="0" ind2=" " tag="130"><subfield code="a">Merchants' ledger (New York, N.Y. : 1848)</subfield></datafield><datafield ind1="1" ind2="0" tag="245"><subfield code="a">Merchants' ledger.</subfield></datafield><datafield ind1=" " ind2=" " tag="260"><subfield code="a">New-York [N.Y.] :</subfield><subfield code="b">Pratt &amp; Requa</subfield></datafield><datafield ind1=" " ind2=" " tag="300"><subfield code="a">v. ;</subfield><subfield code="c">56 cm.</subfield></datafield><datafield ind1=" " ind2=" " tag="310"><subfield code="a">Weekly</subfield></datafield><datafield ind1="1" ind2=" " tag="362"><subfield code="a">Began in 1848? Ceased in Oct. 1850.</subfield></datafield><datafield ind1=" " ind2=" " tag="500"><subfield code="a">Editors: D'Anson Pratt, &lt;1848&gt;; Abram Requa, &lt;1848&gt;.</subfield></datafield><datafield ind1=" " ind2=" " tag="500"><subfield code="a">Published simultaneously in New York and Boston.</subfield></datafield><datafield ind1=" " ind2=" " tag="588"><subfield code="a">Description based on: Vol. 2, no. 11 (May 24, 1848).</subfield></datafield><datafield ind1=" " ind2="0" tag="651"><subfield code="a">New York (N.Y.)</subfield><subfield code="v">Newspapers.</subfield></datafield><datafield ind1=" " ind2="7" tag="655"><subfield code="a">Newspapers.</subfield><subfield code="2">fast</subfield><subfield code="0">(OCoLC)fst01423814</subfield></datafield><datafield ind1=" " ind2="7" tag="651"><subfield code="a">New York (State)</subfield><subfield code="z">New York.</subfield><subfield code="2">fast</subfield><subfield code="0">(OCoLC)fst01204333</subfield></datafield><datafield ind1=" " ind2=" " tag="752"><subfield code="a">United States</subfield><subfield code="b">New York</subfield><subfield code="c">New York</subfield><subfield code="d">New York.</subfield></datafield><datafield ind1=" " ind2=" " tag="752"><subfield code="a">United States</subfield><subfield code="b">Massachusetts</subfield><subfield code="c">Suffolk</subfield><subfield code="d">Boston.</subfield></datafield><datafield ind1="0" ind2="0" tag="780"><subfield code="t">Merchants' ledger, and statistical messenger</subfield><subfield code="w">(DLC)sn 85042517</subfield></datafield><datafield ind1="0" ind2="0" tag="785"><subfield code="t">Merchants' ledger and market reporter</subfield><subfield code="w">(DLC)sn 85042518</subfield></datafield><datafield ind1=" " ind2=" " tag="938"><subfield code="a">Kirtas Technologies, Inc.</subfield><subfield code="b">KRTS</subfield><subfield code="n">739595</subfield></datafield></record>